<?xml version="1.0" encoding="UTF-8"?>
<collection xmlns:xsi="http://www.w3.org/2001/XMLSchema-instance" xsi:schemaLocation="http://www.loc.gov/MARC21/slim http://www.loc.gov/standards/marcxml/schema/MARC21slim.xsd" xmlns="http://www.loc.gov/MARC21/slim">
<record>
  <leader>01792cam a2200325 a 4500</leader>
  <controlfield tag="001">636561</controlfield>
  <controlfield tag="003">NNC</controlfield>
  <controlfield tag="005">20100307225300.0</controlfield>
  <controlfield tag="008">880810s1986    ir a     b    000|0 ara d</controlfield>
  <datafield tag="035" ind1=" " ind2=" ">
    <subfield code="a">(OCoLC)25725301</subfield>
  </datafield>
  <datafield tag="035" ind1=" " ind2=" ">
    <subfield code="a">(OCoLC)ocm25725301</subfield>
  </datafield>
  <datafield tag="035" ind1=" " ind2=" ">
    <subfield code="a">(CStRLIN)NYCG88-B22193</subfield>
  </datafield>
  <datafield tag="035" ind1=" " ind2=" ">
    <subfield code="9">ACU2973CU</subfield>
  </datafield>
  <datafield tag="035" ind1=" " ind2=" ">
    <subfield code="a">(NNC)636561</subfield>
  </datafield>
  <datafield tag="040" ind1=" " ind2=" ">
    <subfield code="a">NjP</subfield>
    <subfield code="c">NjP</subfield>
    <subfield code="d">CtY</subfield>
    <subfield code="d">PU</subfield>
  </datafield>
  <datafield tag="050" ind1=" " ind2="4">
    <subfield code="a">BP193.26</subfield>
    <subfield code="b">.S38 1986</subfield>
  </datafield>
  <datafield tag="066" ind1=" " ind2=" ">
    <subfield code="c">(3</subfield>
  </datafield>
  <datafield tag="090" ind1=" " ind2=" ">
    <subfield code="a">BP193.26</subfield>
    <subfield code="b">.S38 1986</subfield>
  </datafield>
  <datafield tag="100" ind1="1" ind2=" ">
    <subfield code="6">880-01</subfield>
    <subfield code="a">Shahīd al-Awwal, Muḥammad ibn Makkī,</subfield>
    <subfield code="d">1333 or 4-1380.</subfield>
  </datafield>
  <datafield tag="245" ind1="1" ind2="3">
    <subfield code="6">880-02</subfield>
    <subfield code="a">al-Durrah al-bāhirah min al-aṣdāf al-ṭāhirah /</subfield>
    <subfield code="c">taʾlīf Abū ʻAbd Allāh Muḥammad ibn al-Shaykh Jamāl al-Dīn Makkī ibn Muḥammad ibn Ḥāmid ibn Aḥmad al-ʻĀmilī al-Nabaṭī al-Jazzīnī al-mulaqqab bi-al-Shahīd al-Awwal ; [taḥqīq Dāwūd Ṣābirī].</subfield>
  </datafield>
  <datafield tag="260" ind1=" " ind2=" ">
    <subfield code="6">880-03</subfield>
    <subfield code="a">Mashhad :</subfield>
    <subfield code="b">Muʾassasat Ṭabʻ wa-Nashr al-Āstānah al-Riḍwīyah al-Muqaddasah,</subfield>
    <subfield code="c">1365 [1986]</subfield>
  </datafield>
  <datafield tag="300" ind1=" " ind2=" ">
    <subfield code="a">48 p. :</subfield>
    <subfield code="b">ill. ;</subfield>
    <subfield code="c">24 cm.</subfield>
  </datafield>
  <datafield tag="500" ind1=" " ind2=" ">
    <subfield code="a">"19"--T.p. verso.</subfield>
  </datafield>
  <datafield tag="504" ind1=" " ind2=" ">
    <subfield code="a">Includes bibliographical references.</subfield>
  </datafield>
  <datafield tag="650" ind1=" " ind2="0">
    <subfield code="a">Hadith (Shiites)</subfield>
    <subfield code="v">Early works to 1800.</subfield>
  </datafield>
  <datafield tag="700" ind1="1" ind2=" ">
    <subfield code="6">880-04</subfield>
    <subfield code="a">Ṣābirī, Dāwūd.</subfield>
  </datafield>
  <datafield tag="880" ind1="1" ind2=" ">
    <subfield code="6">100-01/(3/r</subfield>
    <subfield code="a">شهيد الاول، محمد بن مكي.</subfield>
  </datafield>
  <datafield tag="880" ind1="1" ind2="2">
    <subfield code="6">245-02/(3/r</subfield>
    <subfield code="a">الدرة الباهرة من الاصداف الطاهرة /</subfield>
    <subfield code="c">تأليف ابو عبد الله محمد بن الشيخ جمال الدين مكي بن محمد بن حامد بن أحمد العاملي النبطي الجزيني الملقب بالشهيد الاول ؛ [تحقيق داود صابري].</subfield>
  </datafield>
  <datafield tag="880" ind1=" " ind2=" ">
    <subfield code="6">260-03/(3/r</subfield>
    <subfield code="a">مشهد :</subfield>
    <subfield code="b">مؤسسة طبع ونشر الآستانة الرضوية المقدسة،</subfield>
    <subfield code="c">1365 [1986]</subfield>
  </datafield>
  <datafield tag="880" ind1="1" ind2=" ">
    <subfield code="6">700-04/(3/r</subfield>
    <subfield code="a">صابري، داود.</subfield>
  </datafield>
  <datafield tag="955" ind1=" " ind2=" ">
    <subfield code="b">CU59571721</subfield>
    <subfield code="d">off,glx</subfield>
    <subfield code="e">ME05843</subfield>
  </datafield>
</record>
</collection>